@techreport{itam-gary,
  author={Edgar Granados}, 
  title={Diseño e implementación de un robot móvil omnidireccional para aplicaciones colaborativas},
  institution={Computer Engineering Dept, ITAM}, 
  address={Mexico City, Mexico},
  year={2017},
  month={Julio}
}

@incollection{turing2009computing,
  title={Computing machinery and intelligence},
  author={Turing, Alan M},
  booktitle={Parsing the Turing Test},
  pages={23--65},
  year={2009},
  publisher={Springer}
}



########################################################
Manual entry

Technical documentation.

Format:

     MANUAL{citation_key,
             required_fields [, optional_fields] }
Required fields: title

Optional fields: author, organization, address, edition, month, year, note, key